%% This BibTeX bibliography file was created using BibDesk.
%% https://bibdesk.sourceforge.io/

%% Created for Thomas Dean at 2022-04-28 10:47:37 -0400 


%% Saved with string encoding Unicode (UTF-8) 



@inproceedings{RakhaWISTP19,
	author = {Rakha, M.S. and Imam, F. T. and Dean, T.R.},
	booktitle = {12th WISTP International Conference on Information Security Theory and Pracice},
	date-added = {2022-04-28 10:43:22 -0400},
	date-modified = {2022-04-28 10:46:43 -0400},
	editor = {Blazy, Olivier and Yeun, Chan Yeob},
	month = {December},
	pages = {44--60},
	publisher = {Springer International Publishing},
	series = {Lecture Notes in COmputer Science},
	title = {Generating a Real-Time Constraint Engine for Network Protocols},
	isbn = {978-3-030-20073-2},
	doi = {10.1007/978-3-030-20074-9},
	year = {2018}}

@article{txl,
	author = {James R Cordy},
	date-added = {2021-12-08 13:39:34 -0500},
	date-modified = {2021-12-08 13:40:24 -0500},
	journal = {Science of Computer Programming},
	number = {3},
	pages = {190--210},
	title = {The {TXL} source transformation language},
	volume = {61},
	year = {2006}}

@inproceedings{MILCOM04,
	address = {Monterey, CA},
	author = {Yves Turcott and Oded Tal and G. Scott Knight and Thomas Roy Dean},
	booktitle = {Military Communications Conference 2004},
	month = {October},
	pages = {1572--1578},
	title = {Security Vulnerabilities Assessment of the X.509 Protocol by Syntax-Based Testing},
	volume = {3},
	year = {2004}}

@inproceedings{PST04,
	address = {Frederiction, Canada},
	author = {Oded Tal and G. Scott Knight and Thomas Roy Dean},
	booktitle = {Proceedings of the 2nd Annual Conference on Privacy, Security and Trust},
	month = {October},
	pages = {155--160},
	title = {Syntax-based Vulnerability Testing of Frame-based Network Protocols},
	year = {2004}}

@manual{DER,
	author = {ITU-T},
	mont = {November},
	organization = {International Telecommunications Union},
	title = {X.690 Information technology -- ASN.1 encoding rules: Specification of Basic Encoding Rules (BER), Canonical Encoding Rules (CER) and Distinguished Encoding Rules (DER)},
	year = {2008}}

@manual{OSPF,
	author = {J. Moy},
	month = {April},
	number = {2328},
	organization = {Internet Engineering Task Force},
	series = {Request For Comment},
	title = {OSPF Version 2},
	year = {1998}}

@manual{BGP,
	author = {Y. Rekhter and T. Li and S. Hares},
	month = {January},
	number = {4271},
	organization = {Internet Engineering Task Force},
	series = {Request For Comment},
	title = {A Border Gateway Protocol 4 (BGP-4)},
	year = {2006}}
